@article{laso2016crowdsourcing,
  title = {Crowdsourcing in-situ data on land cover and land use using gamification and mobile technology},
  author={Laso Bayas, Juan and See, Linda and Fritz, Steffen and Sturn, Tobias and Perger, Christoph and D{\"u}rauer, Martina and Karner, Mathias and Moorthy, Inian and Schepaschenko, Dmitry and Domian, Dahlia and others},
  journal={Remote Sensing},
  volume={8},
  number={11},
  pages={905},
  year={2016},
  publisher={Multidisciplinary Digital Publishing Institute}
 }
 
 @article{bojinski2014concept,
  title={The concept of essential climate variables in support of climate research, applications, and policy},
  author={Bojinski, Stephan and Verstraete, Michel and Peterson, Thomas C and Richter, Carolin and Simmons, Adrian and Zemp, Michael},
  journal={Bulletin of the American Meteorological Society},
  volume={95},
  number={9},
  pages={1431--1443},
  year={2014},
  publisher={American Meteorological Society}
}
@article{comber2013using,
  title={Using control data to determine the reliability of volunteered geographic information about land cover},
  author={Comber, Alexis and See, Linda and Fritz, Steffen and Van der Velde, Marijn and Perger, Christoph and Foody, Giles},
  journal={International Journal of Applied Earth Observation and Geoinformation},
  volume={23},
  pages={37--48},
  year={2013},
  publisher={Elsevier}
}

@article{kim2017self,
  title={Self-learning based land-cover classification using sequential class patterns from past land-cover maps},
  author={Kim, Yeseul and Park, No-Wook and Lee, Kyung-Do},
  journal={Remote Sensing},
  volume={9},
  number={9},
  pages={921},
  year={2017},
  publisher={Multidisciplinary Digital Publishing Institute}
}


@article{maulik2011self,
  title={A self-trained ensemble with semisupervised SVM: An application to pixel classification of remote sensing imagery},
  author={Maulik, Ujjwal and Chakraborty, Debasis},
  journal={Pattern Recognition},
  volume={44},
  number={3},
  pages={615--623},
  year={2011},
  publisher={Elsevier}
}

@article{liu2013self,
  title={A self-trained semisupervised SVM approach to the remote sensing land cover classification},
  author={Liu, Ying and Zhang, Bai and Wang, Li-min and Wang, Nan},
  journal={Computers \& geosciences},
  volume={59},
  pages={98--107},
  year={2013},
  publisher={Elsevier}
}

@article{inglada2017operational,
  title={Operational high resolution land cover map production at the country scale using satellite image time series},
  author={Inglada, Jordi and Vincent, Arthur and Arias, Marcela and Tardy, Benjamin and Morin, David and Rodes, Isabel},
  journal={Remote Sensing},
  volume={9},
  number={1},
  pages={95},
  year={2017},
  publisher={Multidisciplinary Digital Publishing Institute}
  }
  
 @article{tardy2017fusion,
  title={Fusion approaches for land cover map production using high resolution image time series without reference data of the corresponding period},
  author={Tardy, Benjamin and Inglada, Jordi and Michel, Julien},
  journal={Remote Sensing},
  volume={9},
  number={11},
  pages={1151},
  year={2017},
  publisher={Multidisciplinary Digital Publishing Institute}
}
  
  @article{vargo2013importance,
  title={The importance of land cover change across urban--rural typologies for climate modeling},
  author={Vargo, Jason and Habeeb, Dana and Stone Jr, Brian},
  journal={Journal of environmental management},
  volume={114},
  pages={243--252},
  year={2013},
  publisher={Elsevier}
}

@article{alcock2015accounts,
  title={What accounts for 'England's green and pleasant land'? A panel data analysis of mental health and land cover types in rural England},
  author={Alcock, I and White, MP and Lovell, R and Higgins, Sahran L and Osborne, NJ and Husk, K and Wheeler, BW},
  journal={Landscape and Urban Planning},
  volume={142},
  pages={38--46},
  year={2015},
  publisher={Elsevier}
}

@article{fritz2012geo,
  title={Geo-Wiki: An online platform for improving global land cover},
  author={Fritz, Steffen and McCallum, Ian and Schill, Christian and Perger, Christoph and See, Linda and Schepaschenko, Dmitry and Van der Velde, Marijn and Kraxner, Florian and Obersteiner, Michael},
  journal={Environmental Modelling \& Software},
  volume={31},
  pages={110--123},
  year={2012},
  publisher={Elsevier}
}

@article{comber2016crowdsourcing,
  title={Crowdsourcing: It matters who the crowd are. The impacts of between group variations in recording land cover},
  author={Comber, Alexis and Mooney, Peter and Purves, Ross S and Rocchini, Duccio and Walz, Ariane},
  journal={PloS one},
  volume={11},
  number={7},
  year={2016},
  publisher={Public Library of Science}
}

@article{fritz2017global,
  title={A global dataset of crowdsourced land cover and land use reference data},
  author={Fritz, Steffen and See, Linda and Perger, Christoph and McCallum, Ian and Schill, Christian and Schepaschenko, Dmitry and Duerauer, Martina and Karner, Mathias and Dresel, Christopher and Laso-Bayas, Juan-Carlos and others},
  journal={Scientific data},
  volume={4},
  pages={170075},
  year={2017},
  publisher={Nature Publishing Group}
}

@article{koschke2012multi,
  title={A multi-criteria approach for an integrated land-cover-based assessment of ecosystem services provision to support landscape planning},
  author={Koschke, Lars and F{\"u}rst, Christine and Frank, Susanne and Makeschin, Franz},
  journal={Ecological indicators},
  volume={21},
  pages={54--66},
  year={2012},
  publisher={Elsevier}
}

@article{burkhard2009landscapes,
  title={Landscapes' capacities to provide ecosystem services-a concept for land-cover based assessments},
  author={Burkhard, Benjamin and Kroll, Franziska and M{\"u}ller, Felix and Windhorst, Wilhelm},
  journal={Landscape online},
  volume={15},
  pages={1--22},
  year={2009}
}
